@article{papageorgiouLearningYourComparative2014,
  title = {Learning {{Your Comparative Advantages}}},
  author = {Papageorgiou, Theodore},
  year = {2014},
  journal = {Review of Economic Studies},
  volume = {81},
  number = {3},
  pages = {1263--1295},
  doi = {10.1093/restud/rdt048},
  keywords = {/summarize,learning},
  file = {C\:\\Users\\wang\\Zotero\\storage\\7H4RSJNQ\\Learning Your Comparative Advantages - Review of Economic Studies - 2014.pdf;C\:\\Users\\wang\\Zotero\\storage\\CSRXJ2JM\\rdt048-SupplementaryAppendix.pdf}
}

@article{kambourovOccupationalMobilityWage2009,
  title = {Occupational {{Mobility}} and {{Wage Inequality}}},
  author = {Kambourov, Gueorgui and Manovskii, Iourii},
  year = {2009},
  journal = {Review of Economic Studies},
  volume = {76},
  number = {2},
  pages = {731--759},
  doi = {10.1111/j.1467-937X.2009.00535.x},
  keywords = {/summarize},
  file = {C:\Users\wang\Zotero\storage\Q72SC3CI\Occupational Mobility and Wage Inequality - Review of Economic Studies - 2009.pdf}
}

@article{cubasSocialInsuranceOccupational2020,
  title = {Social {{Insurance}} and {{Occupational Mobility}}},
  author = {Cubas, German and Silos, Pedro},
  year = {2020},
  journal = {International Economic Review},
  volume = {61},
  number = {1},
  pages = {219--240},
  doi = {10.1111/iere.12422},
  keywords = {/summarize,learning},
  file = {C\:\\Users\\wang\\Zotero\\storage\\GCQ8NV4J\\Social Insurance and Occupational Mobility - International Economic Review - 2020.pdf;C\:\\Users\\wang\\Zotero\\storage\\SSVTT9J3\\iere12422-sup-0001-suppmat.pdf}
}

@article{millerJobMatchingOccupational1984,
  title = {Job {{Matching}} and {{Occupational Choice}}},
  author = {Miller, Robert A.},
  year = {1984},
  journal = {Journal of Political Economy},
  volume = {92},
  number = {6},
  pages = {1086--1120},
  doi = {10.1086/261276},
  keywords = {learning},
  file = {C:\Users\wang\Zotero\storage\SSS6F4EJ\Job Matching and Occupational Choice - Journal of Political Economy - 1984.pdf}
}

@article{groesUShapesOccupationalMobility2015,
  title = {The {{U-Shapes}} of {{Occupational Mobility}}},
  author = {Groes, Fane and Kircher, Philipp and Manovskii, Iourii},
  year = {2015},
  journal = {Review of Economic Studies},
  volume = {82},
  number = {2},
  pages = {659--692},
  doi = {10.1093/restud/rdu037},
  keywords = {/summarize,learning},
  file = {C:\Users\wang\Zotero\storage\MXDY9R4U\Groes et al. - 2015 - The U-Shapes of Occupational Mobility.pdf}
}

@article{gibbonsComparativeAdvantageLearning2005,
  title = {Comparative {{Advantage}}, {{Learning}}, and {{Sectoral Wage Determination}}},
  author = {Gibbons, Robert and Katz, Lawrence F and Lemieux, Thomas},
  year = {2005},
  journal = {Journal of Labor Economics},
  volume = {23},
  number = {4},
  pages = {681--723},
  doi = {10.1086/491606},
  keywords = {learning},
  file = {C:\Users\wang\Zotero\storage\G2Z3D8K3\Gibbons et al. - Comparative Advantage, Learning, and Sectoral Wage.pdf}
}

@article{carrillo-tudela2023,
  title = {Unemployment and {{Endogenous Reallocation Over}} the {{Business Cycle}}},
  author = {{Carrillo-Tudela}, Carlos and Visschers, Ludo},
  year = {2023},
  journal = {Econometrica},
  volume = {91},
  number = {3},
  pages = {1119--1153},
  doi = {10.3982/ECTA12498},
  keywords = {/summarize,search},
  file = {C\:\\Users\\wang\\Zotero\\storage\\54YQ2WDW\\2023 - Unemployment and Endogenous Reallocation Over the Business Cycle - Econometrica.pdf;C\:\\Users\\wang\\Zotero\\storage\\H4ERT67W\\Econometrica - 2023 - Carrillo‐Tudela - Unemployment and Endogenous Reallocation Over the Business Cycle.pdf}
}

@article{gervaisWhatShouldBe2016,
  title = {What {{Should I Be When I Grow Up}}? {{Occupations}} and {{Unemployment}} over the {{Life Cycle}}},
  author = {Gervais, Martin and Jaimovich, Nir and Siu, Henry E. and {Yedid-Levi}, Yaniv},
  year = {2016},
  journal = {Journal of Monetary Economics},
  volume = {83},
  pages = {54--70},
  doi = {10.1016/j.jmoneco.2016.08.003},
  keywords = {/summarize,learning,search},
  file = {C:\Users\wang\Zotero\storage\2KQJ8YCK\Gervais et al. - 2016 - What should I be when I grow up Occupations and u.pdf}
}

@article{antonovicsExperimentationJobChoice2012,
  title = {Experimentation and {{Job Choice}}},
  author = {Antonovics, Kate and Golan, Limor},
  year = {2012},
  journal = {Journal of Labor Economics},
  volume = {30},
  number = {2},
  pages = {333--366},
  doi = {10.1086/663356},
  keywords = {/summarize,learning,O*NET},
  file = {C:\Users\wang\Zotero\storage\E2EJUNW9\Antonovics and Golan - 2012 - Experimentation and Job Choice.pdf}
}

@article{xuUnderstandingDeclineOccupational2023,
  title = {Understanding the {{Decline}} in {{Occupational Mobility}}},
  author = {Xu, Ming},
  year = {2023},
  journal = {Working Paper},
  pages = {1--60},
  file = {C:\Users\wang\Zotero\storage\VJQYKIB6\Xu - Understanding the Decline in Occupational Mobility.pdf}
}

@article{vomlehnReconcilingOccupationalMobility2022,
  title = {Reconciling {{Occupational Mobility}} in the {{Current Population Survey}}},
  author = {Vom Lehn, Christian and Ellsworth, Cache and Kroff, Zachary},
  year = {2022},
  journal = {Journal of Labor Economics},
  volume = {40},
  number = {4},
  pages = {1005--1051},
  doi = {10.1086/718563},
  keywords = {measurement error},
  file = {C:\Users\wang\Zotero\storage\Z937XV5Y\Vom Lehn et al. - 2022 - Reconciling Occupational Mobility in the Current P.pdf}
}

@article{laleWorkerReallocationOccupations2017,
  title = {Worker {{Reallocation}} across {{Occupations}}: {{Confronting Data}} with {{Theory}}},
  author = {Lal{\'e}, Etienne},
  year = {2017},
  journal = {Labour Economics},
  volume = {44},
  pages = {51--68},
  doi = {10.1016/j.labeco.2016.12.001},
  keywords = {/summarize},
  file = {C:\Users\wang\Zotero\storage\AYX7MX5K\Lalé - 2017 - Worker reallocation across occupations Confrontin.pdf}
}

@article{gorryLearningLifeCycle2019,
  title = {Learning and {{Life Cycle Patterns}} of {{Occupational Transitions}}},
  author = {Gorry, Aspen and Gorry, Devon and Trachter, Nicholas},
  year = {2019},
  journal = {International Economic Review},
  volume = {60},
  number = {2},
  pages = {905--937},
  doi = {10.1111/iere.12371},
  keywords = {/summarize,learning},
  file = {C:\Users\wang\Zotero\storage\4KNTRT9G\Gorry et al. - 2019 - LEARNING AND LIFE CYCLE PATTERNS OF OCCUPATIONAL T.pdf}
}

@article{pastorinoJobMatchingFirms2015,
  title = {Job {{Matching}} within and across {{Firms}}},
  author = {Pastorino, Elena},
  year = {2015},
  journal = {International Economic Review},
  volume = {56},
  number = {2},
  pages = {647--671},
  doi = {10.1111/iere.12117},
  keywords = {learning,matching},
  file = {C:\Users\wang\Zotero\storage\8Q9FLLXT\Pastorino - 2015 - JOB MATCHING WITHIN AND ACROSS FIRMS.pdf}
}

@article{pastorinoCareersFirmsRole2023,
  title = {Careers in {{Firms}}: {{The Role}} of {{Learning}} about {{Ability}} and {{Human Capital Acquisition}}},
  author = {Pastorino, Elena},
  year = {2023},
  journal = {Journal of Political Economy},
  pages = {728454},
  doi = {10.1086/728454},
  keywords = {learning},
  file = {C:\Users\wang\Zotero\storage\Y4QHSBJ5\Pastorino - 2023 - Careers in Firms The Role of Learning about Abili.pdf}
}

@article{gorryExperienceWorkerFlows2016,
  title = {Experience and {{Worker Flows}}},
  author = {Gorry, Aspen},
  year = {2016},
  journal = {Quantitative Economics},
  volume = {7},
  number = {1},
  pages = {225--255},
  doi = {10.3982/QE363},
  file = {C:\Users\wang\Zotero\storage\26P96L4T\2016 - Experience and worker flows - Experience and worker flows - Quantitative Economics.pdf}
}

@article{bohmOccupationGrowthSkill2024,
  title = {Occupation {{Growth}}, {{Skill Prices}}, and {{Wage Inequality}}},
  author = {B{\"o}hm, Michael J. and Von Gaudecker, Hans-Martin and Schran, Felix},
  year = {2024},
  month = jan,
  journal = {Journal of Labor Economics},
  volume = {42},
  number = {1},
  pages = {201--243},
  issn = {0734-306X, 1537-5307},
  doi = {10.1086/722084},
  urldate = {2024-02-15},
  langid = {english},
  file = {C:\Users\wang\Zotero\storage\83KB8X23\Böhm et al. - 2024 - Occupation Growth, Skill Prices, and Wage Inequali.pdf}
}

@article{jovanovicJobMatchingTheory1979,
  title = {Job {{Matching}} and the {{Theory}} of {{Turnover}}},
  author = {Jovanovic, Boyan},
  year = {1979},
  journal = {Journal of Political Economy},
  volume = {87},
  number = {5, Part 1},
  pages = {972--990},
  doi = {10.1086/260808},
  keywords = {learning},
  file = {C:\Users\wang\Zotero\storage\LPDPTLHL\1979 _ Job Matching and the Theory of Turnover _ Journal of Political Economy.pdf}
}