@article{katzChangesRelativeWages1992,
  title = {Changes in {{Relative Wages}}, 1963-1987: {{Supply}} and {{Demand Factors}}},
  author = {Katz, Lawrence F. and Murphy, Kevin M.},
  year = {1992},
  journal = {The Quarterly Journal of Economics},
  volume = {107},
  number = {1},
  pages = {35--78},
  doi = {10.2307/2118323},
  file = {C:\Users\wang\Zotero\storage\NGAIXJPB\1992 - Changes in Relative Wages, 1963-1987 - Supply and Demand Factors - The Quarterly Journal of Economics.pdf}
}

@article{cardCanFallingSupply2001,
  title = {Can {{Falling Supply Explain}} the {{Rising Return}} to {{College}} for {{Younger Men}}? {{A Cohort-Based Analysis}}},
  author = {Card, David and Lemieux, Thomas},
  year = {2001},
  journal = {The Quarterly Journal of Economics},
  volume = {116},
  number = {2},
  pages = {705--746},
  doi = {10.1162/00335530151144140},
  file = {C\:\\Users\\wang\\Zotero\\storage\\N4VFL92Q\\2001 - Can Falling Supply Explain the Rising Return to College for Younger Men - A - The Quarterly Journal of Economics.pdf;C\:\\Users\\wang\\Zotero\\storage\\WZZY4XAT\\Card and Lemieux - CAN FALLING SUPPLY EXPLAIN THE RISING RETURN TO CO.pdf}
}

@article{autorComputingInequalityHave1998,
  title = {Computing {{Inequality}}: {{Have Computers Changed}} the {{Labor Market}}?},
  author = {Autor, David H and Katz, Lawrence F and Krueger, Alan B},
  year = {1998},
  journal = {The Quarterly Journal of Economics},
  volume = {113},
  number = {4},
  pages = {1169--1213},
  doi = {10.1162/003355398555874},
  file = {C:\Users\wang\Zotero\storage\9V5YXF5N\Computing Inequality - Have Computers Changed the Labor Market - The Quarterly Journal of Economics - 1998.pdf}
}

@article{acemogluWhyNewTechnologies1998,
  title = {Why {{Do New Technologies Complement Skills}}? {{Directed Technical Change}} and {{Wage Inequality}}},
  author = {Acemoglu, D.},
  year = {1998},
  journal = {The Quarterly Journal of Economics},
  volume = {113},
  number = {4},
  pages = {1055--1089},
  doi = {10.1162/003355398555838},
  file = {C:\Users\wang\Zotero\storage\8T3FRV4E\Why Do New Technologies Complement Skills - Directed Technical Change and Wage - The Quarterly Journal of Economics - 1998.pdf}
}

@article{costinotMatchingInequalityWorld2010,
  title = {Matching and {{Inequality}} in the {{World Economy}}},
  author = {Costinot, Arnaud and Vogel, Jonathan},
  year = {2010},
  journal = {Journal of Political Economy},
  volume = {118},
  number = {4},
  pages = {747--786},
  doi = {10.1086/655858},
  keywords = {/read,theory},
  file = {C:\Users\wang\Zotero\storage\IYWGTJWE\2010 - Matching and Inequality in the World Economy - Journal of Political Economy.pdf}
}

@article{acemogluProductivityDifferences2001,
  title = {Productivity {{Differences}}},
  author = {Acemoglu, D. and Zilibotti, F.},
  year = {2001},
  journal = {The Quarterly Journal of Economics},
  volume = {116},
  number = {2},
  pages = {563--606},
  doi = {10.1162/00335530151144104},
  file = {C:\Users\wang\Zotero\storage\HPFPU72A\2001 - Productivity Differences - The Quarterly Journal of Economics.pdf}
}

@article{autorTaskApproachLabor2013,
  title = {The "{{Task Approach}}" to {{Labor Markets}}: {{An Overview}}},
  author = {Autor, David H.},
  year = {2013},
  journal = {Journal for Labour Market Research},
  volume = {46},
  number = {3},
  pages = {185--199},
  doi = {10.1007/s12651-013-0128-z},
  file = {C:\Users\wang\Zotero\storage\PIAG9M3T\2013 - The Task Approach to Labor Markets - An Overview - Journal for Labour Market Research.pdf}
}
