@article{muellerJobSeekersPerceptions2021,
  title = {Job {{Seekers}}' {{Perceptions}} and {{Employment Prospects}}: {{Heterogeneity}}, {{Duration Dependence}}, and {{Bias}}},
  author = {Mueller, Andreas I. and Spinnewijn, Johannes and Topa, Giorgio},
  year = {2021},
  journal = {American Economic Review},
  volume = {111},
  number = {1},
  pages = {324--363},
  doi = {10.1257/aer.20190808},
  file = {C:\Users\wang\Zotero\storage\QF36P5UK\2021 _ Job Seekersâ€™ Perceptions and Employment Prospects _ American Economic Review.pdf}
}

@article{mccallEconomicsInformationJob1970,
  title = {Economics of {{Information}} and {{Job Search}}},
  author = {McCall, J. J.},
  year = {1970},
  journal = {The Quarterly Journal of Economics},
  volume = {84},
  number = {1},
  pages = {113},
  issn = {00335533},
  doi = {10.2307/1879403},
  file = {C:\Users\wang\Zotero\storage\YBCVW89M\The Quarterly Journal of Economics - 1970 - Economics of Information and Job Search.pdf}
}

@article{kroftLongTermUnemploymentGreat2016,
  title = {Long-{{Term Unemployment}} and the {{Great Recession}}: {{The Role}} of {{Composition}}, {{Duration Dependence}}, and {{Nonparticipation}}},
  author = {Kroft, Kory and Lange, Fabian and Notowidigdo, Matthew J. and Katz, Lawrence F.},
  year = {2016},
  journal = {Journal of Labor Economics},
  volume = {34},
  number = {S1},
  pages = {S7-S54},
  doi = {10.1086/682390},
  file = {C:\Users\wang\Zotero\storage\KS7NFCT7\2016 - Long-Term Unemployment and the Great Recession - The Role of Composition, - Journal of Labor Economics.pdf}
}